<record><leader>00000cas a22000007a 4500</leader><controlfield tag="001">12545024</controlfield><controlfield tag="008">850913d19651967wiuwr ne      0    0eng d</controlfield><datafield ind1=" " ind2=" " tag="010"><subfield code="a">sn 85041157 </subfield></datafield><datafield ind1=" " ind2=" " tag="040"><subfield code="a">NPV</subfield><subfield code="b">eng</subfield><subfield code="c">NPV</subfield><subfield code="d">OCLCQ</subfield></datafield><datafield ind1=" " ind2=" " tag="042"><subfield code="a">msc</subfield></datafield><datafield ind1=" " ind2=" " tag="045"><subfield code="a">x6x6</subfield></datafield><datafield ind1=" " ind2=" " tag="052"><subfield code="a">4123</subfield><subfield code="b">R2</subfield></datafield><datafield ind1="0" ind2="0" tag="245"><subfield code="a">Pictorial news-advertiser.</subfield></datafield><datafield ind1=" " ind2=" " tag="260"><subfield code="a">Burlington, Wis. :</subfield><subfield code="b">Wisconsin Hi-Liter Inc.,</subfield><subfield code="c">1965-1967.</subfield></datafield><datafield ind1=" " ind2=" " tag="300"><subfield code="a">2 v. :</subfield><subfield code="b">ill.</subfield></datafield><datafield ind1=" " ind2=" " tag="310"><subfield code="a">Weekly</subfield></datafield><datafield ind1="0" ind2=" " tag="362"><subfield code="a">Vol. 1, no. 1 (Oct. 11, 1965)-v.2, no. 38 (Feb. 27, 1967).</subfield></datafield><datafield ind1=" " ind2=" " tag="500"><subfield code="a">Editors: J.J. Erdmann, Oct. 11, 1965-Jan. 30, 1967.</subfield></datafield><datafield ind1=" " ind2=" " tag="530"><subfield code="a">Available on microfilm from the State Historical Society of Wisconsin.</subfield></datafield><datafield ind1=" " ind2=" " tag="752"><subfield code="a">United States</subfield><subfield code="b">Wisconsin</subfield><subfield code="c">Racine</subfield><subfield code="d">Burlington.</subfield></datafield><datafield ind1="1" ind2=" " tag="029"><subfield code="a">AU@</subfield><subfield code="b">000025810303</subfield></datafield></record>